%% CMJ LaTeX Template - example Bibliography file
%%

@inproceedings{CuAr10,
	author={Cuthbert, M. S. and C. Ariza},
	title={music21: A Toolkit for Computer-Aided Musicology and Symbolic Music Data},
	year={2010},
	booktitle={Proceedings of the 11th International Society for Music Information Retrieval Conference},
	pages={637--642}
}

@inproceedings{ArCu11,
	author={Ariza, C. and M. S. Cuthbert},
	title={The music21 stream: A new object model for representing, filtering, and transforming symbolic musical structures},
	year={2011},
	booktitle={Proceedings of the International Computer Music Conference},
	pages={61--68}
}

@article{Huro02,
	author={Huron, D.},
	title={Music Information Processing Using the Humdrum Toolkit: Concepts, Examples, and Lessons},
	journal={Computer Music Journal},
	year={2002},
	volume={26},
	number={2},
	pages={11--26}
}

@incollection{Huro97,
 author = {Huron, D},
 chapter = {Humdrum and Kern: Selective Feature Encoding},
 title = {Beyond MIDI},
 editor = {Selfridge-Field, Eleanor},
 year = {1997},
 isbn = {0-262-19394-9},
 pages = {375--401},
 numpages = {27},
 url = {http://dl.acm.org/citation.cfm?id=275928.275976},
 acmid = {275976},
 publisher = {MIT Press},
 address = {Cambridge, MA, USA},
} 

@incollection{HeSe97,
 author = {Hewlett, W. B. and E. Selfridge-Field},
 chapter = {MIDI},
 title = {Beyond MIDI},
 editor = {Selfridge-Field, Eleanor},
 year = {1997},
 isbn = {0-262-19394-9},
 pages = {41--70},
 numpages = {30},
 url = {http://dl.acm.org/citation.cfm?id=275928.275933},
 acmid = {275933},
 publisher = {MIT Press},
 address = {Cambridge, MA, USA},
}

@inproceedings{Good10,
    address = {Orlando},
    author = {Good, Michael},
    booktitle = {Proceedings of the XML 2001 Conference},
    citeulike-article-id = {7168479},
    month = dec,
    posted-at = {2010-05-14 07:43:03},
    priority = {0},
    title = {{MusicXML: An Internet-Friendly Format for Sheet Music}},
    year = {2001}
}

@book{Kane88,
 author = {Kanerva, Pentti},
 title = {Sparse Distributed Memory},
 year = {1988},
 isbn = {0262111322},
 publisher = {MIT Press},
 address = {Cambridge, MA, USA},
} 

@article{Roge89,
  added-at = {2008-07-08T00:00:00.000+0200},
  author = {Rogers, David},
  biburl = {http://www.bibsonomy.org/bibtex/2ca9802eecf21425765d4b835ec2ac611/dblp},
  date = {2008-07-08},
  description = {dblp},
  ee = {http://dx.doi.org/10.1142/S0129053389000196},
  interhash = {6654eca6c121077a8f25b8232b3537ec},
  intrahash = {ca9802eecf21425765d4b835ec2ac611},
  journal = {International Journal of High Speed Computing},
  keywords = {dblp},
  number = 2,
  pages = {349-365},
  timestamp = {2008-07-09T11:57:55.000+0200},
  title = {Kanerva's Sparse Distributed Memory: an Associative Memory Algorithm Well-Suited to the Connection Machine.},
  url = {http://dblp.uni-trier.de/db/journals/ijhsc/ijhsc1.html#Rogers89},
  volume = 1,
  year = 1989
}

@article{Snai13,
 author = {Snaider, Javier and Franklin, Stan and Strain, Steve and George, E. Olusegun},
 title = {Integer Sparse Distributed Memory: Analysis and Results},
 journal = {Neural Netw.},
 issue_date = {October, 2013},
 volume = {46},
 month = oct,
 year = {2013},
 issn = {0893-6080},
 pages = {144--153},
 numpages = {10},
 url = {http://dx.doi.org/10.1016/j.neunet.2013.05.005},
 doi = {10.1016/j.neunet.2013.05.005},
 acmid = {2527852},
 publisher = {Elsevier Science Ltd.},
 address = {Oxford, UK, UK},
 keywords = {Auto-associative memory, High dimensional space, Sparse distributed memory},
} 