%% CMJ LaTeX Template - example Bibliography file
%%

@inproceedings{CuAr10,
	author={Cuthbert, M. S. and C. Ariza},
	title={music21: A Toolkit for Computer-Aided Musicology and Symbolic Music Data},
	year={2010},
	booktitle={Proceedings of the 11th International Society for Music Information Retrieval Conference},
	pages={637--642}
}